<?xml version="1.0" encoding="UTF-8"?><collection xmlns="http://www.loc.gov/MARC21/slim"><record><leader>00545nam--2200205-u-4500</leader><controlfield tag="001">000050923</controlfield><controlfield tag="002">20161230</controlfield><controlfield tag="005">20161230201048</controlfield><controlfield tag="008">080422s1000------------r-----000-0-eng-d</controlfield><datafield ind1=" " ind2=" " tag="020"><subfield code="a">0-19-517759-2</subfield></datafield><datafield ind1=" " ind2=" " tag="040"><subfield code="a">IFIN-HH</subfield></datafield><datafield ind1=" " ind2=" " tag="080"><subfield code="a">543.42:535.33</subfield></datafield><datafield ind1="1" ind2="0" tag="100"><subfield code="a">Bernath, Peter F</subfield></datafield><datafield ind1="1" ind2="0" tag="245"><subfield code="a">Spectra of Atoms and Molecules</subfield><subfield code="c">Peter F. Bernath</subfield></datafield><datafield ind1=" " ind2=" " tag="250"><subfield code="a">Second Edition</subfield></datafield><datafield ind1=" " ind2=" " tag="260"><subfield code="a">Oxford</subfield><subfield code="b">Oxford University Press</subfield><subfield code="c">2005</subfield></datafield><datafield ind1=" " ind2=" " tag="300"><subfield code="a">439 p</subfield></datafield><datafield ind1=" " ind2="4" tag="650"><subfield code="a">Molecular Spectroscopy</subfield></datafield><datafield ind1=" " ind2=" " tag="852"><subfield code="a">81967</subfield><subfield code="c">535.33</subfield></datafield><datafield ind1=" " ind2=" " tag="CAT"><subfield code="a">Sys</subfield><subfield code="c">20110103</subfield><subfield code="h">095325</subfield></datafield></record></collection>